@manual{V28,
  author = {TU Dortmund},
  title = {Versuch 28, Elektronenspin-Resonanz},
  year = "29.05.2017",
  address = {http://129.217.224.2/HOMEPAGE/PHYSIKER/BACHELOR/FP/SKRIPT/ESR.pdf},
}
