@manual{DIN,
  author = {Vakuumtechnik; Benennungen und Definitionen; Allgemeine Benennungen},
  title = {DIN 28499 Teil 1},
  year = 1990,
  month = 05,  
  address = {Link einf√ºgen},
},
@manual{Turbo,
  author = {Wikipedia},
  title = {Cut through turbomolecular pump},
  year = 2017,
  month = 05,  
  address = {https://upload.wikimedia.org/wikipedia/commons/4/4c/Cut_through_turbomolecular_pump.jpg},
}
