@manual{sample,
  author = {TU Dortmund},
  title = {Versuch zum Literaturverzeichnis},
  year = 2016,
  month = 05,  
  address = {Link einf√ºgen},
}
@manual{Cs,
  author = {EHS},
  title = {RADIONUCLIDE DATA SHEET},
  year = 2017,
  month = 01,
  address = {ehs.missouri.edu/rad/isotopedata/cs-137.pdf},
}
