@manual{V27,
  author = {Physikalisches Praktikum der TU Dortmund},
  title = {Versuch 27, Der Zeeman-Effekt},
  year = 2016,
  month = 12,
  address = {http://129.217.224.2/HOMEPAGE/PHYSIKER/BACHELOR/FP/SKRIPT/V27.pdf},
}

@manual{uncertainties,
  author = {Eric O. LEBIGOT},
  title = {Uncertainties: a Python package for calculations with uncertainties},
  year = 2017,
  month = 01,
  address = {http://pythonhosted.org/uncertainties/}
}
